@inproceedings{watcharapichat2016ako,
	title={Ako: Decentralised deep learning with partial gradient exchange},
	author={Watcharapichat, Pijika and Morales, Victoria Lopez and Fernandez, Raul Castro and Pietzuch, Peter},
	booktitle={Proceedings of the Seventh ACM Symposium on Cloud Computing},
	pages={84--97},
	year={2016}
}